@Article{FinancesOnline,
  author = 	 "FinancesOnline",
    title =        "Compare Google Chart Tools vs. Tableau",
  year =         "2017",
  publisher =    "FinancesOnline",
  url = 	 "https://comparisons.financesonline.com/google-chart-tools-vs-tableau-software/",
  }

@Article{Google Developers,
  author = 	 "Google Developers",
  year =         "2017",
  publisher =    "Google Developers",
  url = 	 "https://developers.google.com/chart/
            https://developers.google.com/chart/interactive/docs/gallery",
}

@Article{History,
  author = 	 "History.com Staff",
  title =        "Industrial Revolution",
  year =         "2009",
  publisher =    "A+E Networks",
  url = 	 "http://www.history.com/topics/industrial-revolution",
}

@Article{iDatalabs,
  author = 	 "iDatalabst",
  title =        "Companies using Google Chart Tools",
  year =         "2017",
  publisher =    "iDatalabs",
  url = 	 "https://idatalabs.com/tech/products/google-chart-tools 
            https://idatalabs.com/tech/business-intelligence",
 }
 
@Article{Kaggle,
  author = 	 "Kaggle",
  title =        "Titanic: Machine Learning from Disastert",
  year =         "2017",
  publisher =    "Kaggleh",
  url = 	 "https://www.kaggle.com/c/titanic/data",
  }
  
@Article{Latex,
  author = 	 "Latex",
  title =        "An introduction to LaTeX",
  year =         "2017",
  publisher =    "Latex",
  url = 	 "https://www.latex-project.org/about/",
   }
   
@Article{Soumya Chatterjee,
  author = 	 "Soumya Chatterjee",
  title =        "10 Big Data Visualization Tools Everyone in the Industry Should Be Using",
  year =         "2016",
  publisher =    "PromptCloud",
  url = 	 "https://www.promptcloud.com/blog/6-big-data-visualization-tools-for-you ",
  month = 	 "February",
  }
  
@Article{Pydata,
  author = 	 "Pydata",
  title =   "Pandas: Powerful Python Data Analysis Toolkit",
  year =   "2017",
  publisher =   "Pydata",
  url = 	 "https://pandas.pydata.org/pandas-docs/stable/#",
  month = 	 "October",
  } 
  
@Article{Python Software Foundation,
  author = 	 "Python Software Foundation",
  title =        "What is Python? Executive Summary",
  year =         "2001-2017",
  publisher =   "Python Software Foundation",
  url = 	 "https://www.python.org/doc/essays/blurb/",
  }
  
  @Article{R Foundation,
  author = 	 "R Foundation",
  title =        "What is R?",
  year =         "2017",
  publisher =   "R Foundation",
  url = 	 "https://www.r-project.org/about.html",
  }
  
  @Article{Rosemary Radich,
  author = 	 "Rosemary Radich",
  editor =   "Dataconomy Media GMBH",
  title =   "BIG DATA FOR HUMANS: THE IMPORTANCE OF DATA VISUALIZATION",
  year =   "2017",
  publisher =   "Dataconomy Media GMBH",
  url = 	"https://http://dataconomy.com/2017/05/big-data-data-visualization/",
  month = 	"May",
  }
  
@Article{SAS Institute,
  author = 	 "SAS Institute",
  title =        "Data Visualization What it is and why it matters?",
  year =         "2017",
  publisher =   "SAS Institute"
  url = 	 "https://www.sas.com/en_us/insights/big-data/data-visualization.html",
  }
   
  @Article{Sunil Ray,
  author = 	 "Sunil Ray",
  editor =   "Analytics Vidhya",
  title =   "9 Popular Ways to Perform Data Visualization in Python",
  year =   "2015",
  publisher =   "Analytics Vidhya",
  url = 	"https://www.analyticsvidhya.com/blog/2015/05/data-visualization-python/",
  month = 	"May",
  } 
   
@Article{Tableau,
  author = 	 "Dr Steven D. Targum",
  editor =       "Innovations in Clinical Neuroscience",
  title =        "The Distinction between Clinical and Research Interviews in Psychiatry",
  year =         "2003-2017",
  volume = 	 "8(3)",
  publisher =    "Perspective in Clinical Research",
  url = 	 "hhttps://www.ncbi.nlm.nih.gov/pmc/articles/PMC3149409/",
  pages = 	 "40-44",
  month = 	 "March",
 }
